<?xml version="1.0" encoding="UTF-8"?><collection><record><leader>04289ntm a2200529 a 4500</leader><controlfield tag="001">006833477</controlfield><controlfield tag="003">MiAaHDL</controlfield><controlfield tag="005">20190719000000.0</controlfield><controlfield tag="006">m        d        </controlfield><controlfield tag="007">cr bn ---auaua</controlfield><controlfield tag="008">090630s193u    xx            00| ||ara d</controlfield><datafield tag="035" ind1=" " ind2=" "><subfield code="a">(MiU)006833477</subfield></datafield><datafield tag="035" ind1=" " ind2=" "><subfield code="a">sdr-miu006833477</subfield></datafield><datafield tag="040" ind1=" " ind2=" "><subfield code="a">MiU</subfield><subfield code="c">MiU</subfield><subfield code="e">amremm</subfield></datafield><datafield tag="043" ind1=" " ind2=" "><subfield code="a">n-us-mi</subfield></datafield><datafield tag="245" ind1="0" ind2="0"><subfield code="6">880-03</subfield><subfield code="a">Mudhakkirah ʻilmīyah ḥikmīyah mushtamilah ʻalá nubadh min al-falsafah al-ʻaṣrīyah wa-shadharāt min al-ḥikmah al-ūlá ḥikmat al-awāʼil,</subfield><subfield code="f">[193-?].</subfield></datafield><datafield tag="246" ind1="3" ind2="4"><subfield code="a">فلسفة العصرية</subfield></datafield><datafield tag="260" ind1=" " ind2=" "><subfield code="c">[193-?].</subfield></datafield><datafield tag="300" ind1=" " ind2=" "><subfield code="a">19 leaves :</subfield><subfield code="b">paper ;</subfield><subfield code="c">156 x 118 mm. bound to 163 x 123 mm.</subfield></datafield><datafield tag="500" ind1=" " ind2=" "><subfield code="a">Shelfmark: Ann Arbor, University of Michigan, Special Collections Library, Isl. Ms. 972</subfield></datafield><datafield tag="500" ind1=" " ind2=" "><subfield code="a">Origin: Lacks dated scribal colophon ; likely copied in Egypt in the late 1930s and eventually bound for James Heyworth-Dunne (d.1974).</subfield></datafield><datafield tag="500" ind1=" " ind2=" "><subfield code="a">Accompanying materials: Four small slips (from two trimmed bifolia) "tipped in" carrying (paginated pp.5-8, 39-42).</subfield></datafield><datafield tag="500" ind1=" " ind2=" "><subfield code="a">Former shelfmark: Mich. Isl. Ms. temp. no. 121</subfield></datafield><datafield tag="500" ind1=" " ind2=" "><subfield code="a">Binding: Boards covered in black textured cloth ; pastedowns and flyleaves in wove paper printed with a geometric pattern (resembling a scale pattern) in dull gold ; cover gold-stamped with "الفلسفة العصرية" ; sewn in white thread, sewing failing, leaves loose ; overall in fairly good condition.</subfield></datafield><datafield tag="500" ind1=" " ind2=" "><subfield code="a">Support: Wove paper of two different types, one medium cream to beige in color, the other brown ; some offset of ink on facing pages.</subfield></datafield><datafield tag="500" ind1=" " ind2=" "><subfield code="a">Script: Ruqʻah ; quick, compact hand in a medium to bold line ; serifless and freely ligatured with mainly closed counters, effect of inclination to the right and of words descending to baseline, pointing somewhat careless and in strokes rather than distinct dots.</subfield></datafield><datafield tag="500" ind1=" " ind2=" "><subfield code="a">Layout: Written in 18-21 lines per page.</subfield></datafield><datafield tag="500" ind1=" " ind2=" "><subfield code="a">Collation: i, IX+1 (19), i ; some leaves left partially blank ; pagination in pencil, Western numerals, supplied during digitization (includes inserts / trimmed bifolia).</subfield></datafield><datafield tag="500" ind1=" " ind2=" "><subfield code="a">Incipit: "من تاريخ راند في عمر متأخري الحكماء الحسي التوحيدي او الاقتصادي او اللمسي او الالهي ان الاحساس هو الأثر الفعلي للقابل الحسي او قوة قبول الانطباعات بالموضوع الخارجي ..."</subfield></datafield><datafield tag="500" ind1=" " ind2=" "><subfield code="a">Title from inscription on 'title page' (p.1).</subfield></datafield><datafield tag="500" ind1=" " ind2=" "><subfield code="a">Ms. codex.</subfield></datafield><datafield tag="520" ind1="8" ind2=" "><subfield code="a">Copy of a selection of philosophical excerpts apparently intended as an aide-mémoire addressing Benjamin Rand's (1856-1934) Modern classical philosophers (see p.9), Henri Bergson's (1859–1941) Evolution créatrice (see p.31), al-Fārābī's ʻUyūn al-masāʼil (see p.34), etc., ending abruptly. Compare pp.129-143 in Isl. Ms. 933.</subfield></datafield><datafield tag="538" ind1=" " ind2=" "><subfield code="a">Mode of access: Internet.</subfield></datafield><datafield tag="541" ind1=" " ind2=" "><subfield code="a">Acquired in the Fall of 1950.</subfield></datafield><datafield tag="546" ind1=" " ind2=" "><subfield code="a">Arabic.</subfield></datafield><datafield tag="561" ind1=" " ind2=" "><subfield code="a">On upper pastedown label with ex libris of James Heyworth-Dunne (d.1974), stamped with inventory number, "Ex Libris | J. Heyworth-Dunne | D. Lit. (London) | No. 7916" ; UM Library inscription on p.3 "Dunning | Heyworth-Dunne | 6-11-51 | 71955."</subfield></datafield><datafield tag="650" ind1=" " ind2="0"><subfield code="a">Manuscripts, Arabic</subfield><subfield code="z">Michigan</subfield><subfield code="z">Ann Arbor.</subfield></datafield><datafield tag="650" ind1=" " ind2="0"><subfield code="a">Philosophy, Modern.</subfield></datafield><datafield tag="700" ind1="1" ind2=" "><subfield code="a">Heyworth-Dunne, J.</subfield><subfield code="q">(James),</subfield><subfield code="e">former owner.</subfield></datafield><datafield tag="700" ind1="0" ind2="2"><subfield code="6">880-07</subfield><subfield code="a">Fārābī.</subfield><subfield code="t">ʻUyūn al-masāʼil.</subfield><subfield code="k">Selections.</subfield></datafield><datafield tag="700" ind1="1" ind2="2"><subfield code="a">Bergson, Henri,</subfield><subfield code="d">1859-1941.</subfield><subfield code="t">Evolution créatrice.</subfield><subfield code="k">Selections.</subfield><subfield code="l">Arabic.</subfield></datafield><datafield tag="700" ind1="1" ind2="2"><subfield code="a">Rand, Benjamin,</subfield><subfield code="d">1856-1934.</subfield><subfield code="t">Modern classical philosophers.</subfield><subfield code="k">Selections.</subfield><subfield code="l">Arabic</subfield></datafield><datafield tag="740" ind1="0" ind2="2"><subfield code="a">من كتاب النشوء الابداعي تأليف هنري بيرجسون الفيلسوف الفرنسي</subfield></datafield><datafield tag="740" ind1="0" ind2="2"><subfield code="a">من تاريخ راند في عمر متأخري الحكماء</subfield></datafield><datafield tag="773" ind1="0" ind2=" "><subfield code="a">Heyworth-Dunne Collection.</subfield></datafield><datafield tag="880" ind1="0" ind2="2"><subfield code="6">700-07/</subfield><subfield code="a">فارابي.</subfield><subfield code="t">عيون المسائل.</subfield><subfield code="k">مختارات</subfield></datafield><datafield tag="880" ind1="0" ind2="0"><subfield code="6">245-03/</subfield><subfield code="a">مذكرة علمية حكمية مشتملة على نبذ من الفلسفة العصرية وشذرات من الحكمة الاولى حكمة الاوائل,</subfield><subfield code="f">[193-م?].</subfield></datafield><datafield tag="CID" ind1=" " ind2=" "><subfield code="a">006833477</subfield></datafield><datafield tag="DAT" ind1="0" ind2=" "><subfield code="a">20190719102640.0</subfield><subfield code="b">20190719000000.0</subfield></datafield><datafield tag="DAT" ind1="1" ind2=" "><subfield code="a">20190719090653.0</subfield><subfield code="b">2019-07-19T16:12:21Z</subfield></datafield><datafield tag="DAT" ind1="2" ind2=" "><subfield code="a">2015-10-10T18:00:06Z</subfield></datafield><datafield tag="CAT" ind1=" " ind2=" "><subfield code="a">SDR-MIU</subfield><subfield code="d">EX LIBRIS - ALEPH</subfield><subfield code="l">prepare.pl-004-008</subfield></datafield><datafield tag="FMT" ind1=" " ind2=" "><subfield code="a">BK</subfield></datafield><datafield tag="HOL" ind1=" " ind2=" "><subfield code="0">sdr-miu006833477</subfield><subfield code="a">MiU</subfield><subfield code="b">SDR</subfield><subfield code="c">MIU</subfield><subfield code="p">mdp.39015079131531</subfield><subfield code="s">MIU</subfield><subfield code="1">006833477</subfield></datafield><datafield tag="974" ind1=" " ind2=" "><subfield code="b">MIU</subfield><subfield code="c">MIU</subfield><subfield code="d">20190719</subfield><subfield code="s">lit-dlps-dc</subfield><subfield code="u">mdp.39015079131531</subfield><subfield code="y">1939</subfield><subfield code="r">ic-world</subfield><subfield code="q">man</subfield></datafield></record></collection>